
@book{munzert2014,
  title = {Automated Data Collection with {{R}}: {{A}} Practical Guide to Web Scraping and Text Mining},
  publisher = {{John Wiley \& Sons}},
  date = {2014},
  author = {Munzert, Simon and Rubba, Christian and Mei√üner, Peter and Nyhuis, Dominic}
}

@book{rcoreteam2018,
  location = {{Vienna, Austria}},
  title = {R: {{A Language}} and {{Environment}} for {{Statistical Computing}}},
  url = {https://www.R-project.org/},
  date = {2018},
  author = {{R Core Team}},
  organization = {R Foundation for Statistical Computing}
}

@book{zotero-161,
  type = {book}
}

@online{cran2018,
  title = {Contributed {{Packages}}},
  url = {https://cran.r-project.org/web/packages/},
  urldate = {2018-09-13},
  date = {2018},
  author = {CRAN},
  file = {/home/liao/Zotero/storage/ZGDPHWXH/packages.html}
}

@online{cran2018a,
  title = {{{CRAN Task Views}}},
  url = {https://cran.r-project.org/web/views/},
  urldate = {2018-09-13},
  date = {2018},
  author = {CRAN},
  file = {/home/liao/Zotero/storage/JQJTRYNW/views.html}
}

@article{baumer2014,
  archivePrefix = {arXiv},
  eprinttype = {arxiv},
  eprint = {1402.1894},
  title = {R {{Markdown}}: {{Integrating A Reproducible Analysis Tool}} into {{Introductory Statistics}}},
  journaltitle = {ArXiv e-prints},
  date = {2014-02},
  keywords = {62-01,Statistics - Other Statistics},
  author = {Baumer, B. and Cetinkaya-Rundel, M. and Bray, A. and Loi, L. and Horton, N. J.},
  eprintclass = {stat.OT},
  adsurl = {http://adsabs.harvard.edu/abs/2014arXiv1402.1894B},
  adsnote = {Provided by the SAO/NASA Astrophysics Data System}
}

@book{allaire2018,
  title = {Reticulate: {{Interface}} to '{{Python}}'},
  url = {https://CRAN.R-project.org/package=reticulate},
  date = {2018},
  author = {Allaire, JJ and Ushey, Kevin and Tang, Yuan},
  note = {R package version 1.10}
}


