
@book{munzert2014automated,
  title = {Automated Data Collection with {{R}}: {{A}} Practical Guide to Web Scraping and Text Mining},
  publisher = {{John Wiley \& Sons}},
  date = {2014},
  author = {Munzert, Simon and Rubba, Christian and Mei√üner, Peter and Nyhuis, Dominic}
}


